<record><leader>00000cas a22000007a 4500</leader><controlfield tag="001">34774812</controlfield><controlfield tag="008">960522d19551976akuwr ne      0    0eng d</controlfield><datafield ind1=" " ind2=" " tag="010"><subfield code="a">sn 96060044 </subfield></datafield><datafield ind1=" " ind2=" " tag="040"><subfield code="a">ANE</subfield><subfield code="b">eng</subfield><subfield code="c">ANE</subfield><subfield code="d">OCLCQ</subfield><subfield code="d">OCLCO</subfield></datafield><datafield ind1="1" ind2=" " tag="029"><subfield code="a">AU@</subfield><subfield code="b">000012500726</subfield></datafield><datafield ind1=" " ind2=" " tag="042"><subfield code="a">msc</subfield></datafield><datafield ind1=" " ind2=" " tag="043"><subfield code="a">n-us-ak</subfield></datafield><datafield ind1="0" ind2="4" tag="245"><subfield code="a">The Adak sun.</subfield></datafield><datafield ind1=" " ind2=" " tag="260"><subfield code="a">Adak, Alaska :</subfield><subfield code="b">U.S. Naval Station,</subfield><subfield code="c">-1976.</subfield></datafield><datafield ind1=" " ind2=" " tag="300"><subfield code="a">v.</subfield></datafield><datafield ind1=" " ind2=" " tag="310"><subfield code="a">Weekly</subfield></datafield><datafield ind1="1" ind2=" " tag="362"><subfield code="a">Began in 1955?</subfield></datafield><datafield ind1="0" ind2=" " tag="362"><subfield code="a">-v. 11, no. 17 (Apr. 30, 1976).</subfield></datafield><datafield ind1=" " ind2=" " tag="588"><subfield code="a">Description based on: Vol. 2, no. 7 (Feb. 13, 1956).</subfield></datafield><datafield ind1=" " ind2="0" tag="650"><subfield code="a">Military bases</subfield><subfield code="z">Alaska</subfield><subfield code="v">Newspapers.</subfield></datafield><datafield ind1=" " ind2="0" tag="651"><subfield code="a">Adak (Alaska)</subfield><subfield code="v">Newspapers.</subfield></datafield><datafield ind1=" " ind2=" " tag="752"><subfield code="a">United States</subfield><subfield code="b">Alaska</subfield><subfield code="d">Adak.</subfield></datafield><datafield ind1="0" ind2="0" tag="780"><subfield code="a">Adak daily sun</subfield><subfield code="w">(DLC)sn 97060075</subfield><subfield code="w">(OCoLC)38055220</subfield></datafield><datafield ind1="0" ind2="7" tag="785"><subfield code="t">Tundra times (Adak, Alaska : 1972)</subfield><subfield code="w">(DLC)sn 98060268</subfield><subfield code="w">(OCoLC)39228084</subfield></datafield><datafield ind1="0" ind2="7" tag="785"><subfield code="t">Adak eagle's call</subfield><subfield code="w">(DLC)sn 95060094</subfield><subfield code="w">(OCoLC)34046063</subfield></datafield></record>